<record><leader>00000cas a2200000 a 4500</leader><controlfield tag="001">24901971</controlfield><controlfield tag="008">911206c19uu9999vaudn ne      0   k0kor c</controlfield><datafield ind1=" " ind2=" " tag="010"><subfield code="a">sn 91028670 </subfield></datafield><datafield ind1=" " ind2=" " tag="040"><subfield code="a">IUL</subfield><subfield code="b">eng</subfield><subfield code="c">IUL</subfield><subfield code="d">NSD</subfield><subfield code="d">NVF</subfield><subfield code="d">IUL</subfield><subfield code="d">OCLCQ</subfield><subfield code="d">OCLCF</subfield></datafield><datafield ind1=" " ind2=" " tag="012"><subfield code="m">1</subfield></datafield><datafield ind1="1" ind2=" " tag="022"><subfield code="a">1062-0982</subfield><subfield code="l">1062-0982</subfield><subfield code="2">1</subfield></datafield><datafield ind1="1" ind2=" " tag="029"><subfield code="a">AU@</subfield><subfield code="b">000040187114</subfield></datafield><datafield ind1=" " ind2=" " tag="032"><subfield code="a">008053</subfield><subfield code="b">USPS</subfield></datafield><datafield ind1=" " ind2=" " tag="037"><subfield code="b">Dong-A Daily News, 2810 E. Dorr Ave., Fairfax, VA 22031</subfield></datafield><datafield ind1=" " ind2=" " tag="042"><subfield code="a">pcc</subfield><subfield code="a">nsdp</subfield></datafield><datafield ind1=" " ind2=" " tag="043"><subfield code="a">n-us---</subfield><subfield code="a">n-us-va</subfield></datafield><datafield ind1=" " ind2="0" tag="222"><subfield code="a">Miju tonga ilbo</subfield></datafield><datafield ind1="0" ind2="0" tag="245"><subfield code="a">Miju tonga ilbo =</subfield><subfield code="b">Dong-a daily news.</subfield></datafield><datafield ind1="3" ind2="1" tag="246"><subfield code="a">Dong-a daily news</subfield></datafield><datafield ind1="3" ind2="0" tag="246"><subfield code="a">Tonga ilbo</subfield></datafield><datafield ind1=" " ind2=" " tag="260"><subfield code="a">Fairfax, VA. :</subfield><subfield code="b">Dong-A Daily News</subfield></datafield><datafield ind1=" " ind2=" " tag="300"><subfield code="a">v.</subfield></datafield><datafield ind1=" " ind2=" " tag="310"><subfield code="a">Daily (except Sundays and holidays)</subfield></datafield><datafield ind1=" " ind2=" " tag="588"><subfield code="a">Description based on: Che 21232-ho (1990-nyo&#774;n 9-wo&#774;l 11-il, i.e. Sept. 11, 1990).</subfield></datafield><datafield ind1=" " ind2=" " tag="588"><subfield code="a">Latest issue consulted: Issue 1429 (1992-nyo&#774;n 02-wo&#774;l 25-il, i.e. Feb. 25, 1992).</subfield></datafield><datafield ind1=" " ind2="0" tag="650"><subfield code="a">Korean Americans</subfield><subfield code="v">Newspapers.</subfield></datafield><datafield ind1=" " ind2="0" tag="651"><subfield code="a">Fairfax (Va.)</subfield><subfield code="v">Newspapers.</subfield></datafield><datafield ind1=" " ind2="7" tag="655"><subfield code="a">Newspapers.</subfield><subfield code="2">fast</subfield><subfield code="0">(OCoLC)fst01423814</subfield></datafield><datafield ind1=" " ind2="7" tag="650"><subfield code="a">Korean Americans.</subfield><subfield code="2">fast</subfield><subfield code="0">(OCoLC)fst00988587</subfield></datafield><datafield ind1=" " ind2="7" tag="651"><subfield code="a">Virginia</subfield><subfield code="z">Fairfax.</subfield><subfield code="2">fast</subfield><subfield code="0">(OCoLC)fst01214640</subfield></datafield><datafield ind1=" " ind2=" " tag="752"><subfield code="a">United States</subfield><subfield code="b">Virginia</subfield><subfield code="d">Fairfax.</subfield></datafield><datafield ind1="0" ind2=" " tag="775"><subfield code="t">Tonga ilbo</subfield><subfield code="w">(DLC)sn 91028678</subfield><subfield code="w">(OCoLC)24901879</subfield></datafield></record>